[{"id":1,"monthly_sales":89,"date":"12/19/2023"},
{"id":2,"monthly_sales":80,"date":"1/10/2024"},
{"id":3,"monthly_sales":52,"date":"3/16/2023"},
{"id":4,"monthly_sales":6,"date":"11/11/2023"},
{"id":5,"monthly_sales":30,"date":"11/23/2023"},
{"id":6,"monthly_sales":57,"date":"9/18/2023"},
{"id":7,"monthly_sales":25,"date":"8/10/2023"},
{"id":8,"monthly_sales":66,"date":"4/12/2023"},
{"id":9,"monthly_sales":19,"date":"12/28/2023"},
{"id":10,"monthly_sales":3,"date":"3/31/2023"},
{"id":11,"monthly_sales":59,"date":"12/2/2023"},
{"id":12,"monthly_sales":43,"date":"7/1/2023"},
{"id":13,"monthly_sales":48,"date":"3/1/2023"},
{"id":14,"monthly_sales":67,"date":"5/5/2023"},
{"id":15,"monthly_sales":87,"date":"12/11/2023"},
{"id":16,"monthly_sales":52,"date":"7/14/2023"},
{"id":17,"monthly_sales":59,"date":"7/28/2023"},
{"id":18,"monthly_sales":74,"date":"6/9/2023"},
{"id":19,"monthly_sales":71,"date":"4/12/2023"},
{"id":20,"monthly_sales":37,"date":"5/13/2023"},
{"id":21,"monthly_sales":92,"date":"8/1/2023"},
{"id":22,"monthly_sales":7,"date":"2/10/2024"},
{"id":23,"monthly_sales":97,"date":"9/1/2023"},
{"id":24,"monthly_sales":6,"date":"7/5/2023"},
{"id":25,"monthly_sales":30,"date":"11/14/2023"},
{"id":26,"monthly_sales":62,"date":"7/1/2023"},
{"id":27,"monthly_sales":62,"date":"1/11/2024"},
{"id":28,"monthly_sales":27,"date":"9/23/2023"},
{"id":29,"monthly_sales":69,"date":"8/4/2023"},
{"id":30,"monthly_sales":42,"date":"12/31/2023"},
{"id":31,"monthly_sales":50,"date":"1/13/2024"},
{"id":32,"monthly_sales":30,"date":"12/10/2023"},
{"id":33,"monthly_sales":17,"date":"8/4/2023"},
{"id":34,"monthly_sales":80,"date":"12/1/2023"},
{"id":35,"monthly_sales":77,"date":"2/4/2024"},
{"id":36,"monthly_sales":20,"date":"7/26/2023"},
{"id":37,"monthly_sales":27,"date":"7/18/2023"},
{"id":38,"monthly_sales":69,"date":"6/30/2023"},
{"id":39,"monthly_sales":35,"date":"3/19/2023"},
{"id":40,"monthly_sales":7,"date":"7/31/2023"},
{"id":41,"monthly_sales":28,"date":"9/24/2023"},
{"id":42,"monthly_sales":92,"date":"7/28/2023"},
{"id":43,"monthly_sales":83,"date":"9/20/2023"},
{"id":44,"monthly_sales":47,"date":"9/19/2023"},
{"id":45,"monthly_sales":8,"date":"12/17/2023"},
{"id":46,"monthly_sales":79,"date":"10/4/2023"},
{"id":47,"monthly_sales":12,"date":"5/30/2023"},
{"id":48,"monthly_sales":60,"date":"8/2/2023"},
{"id":49,"monthly_sales":49,"date":"11/22/2023"},
{"id":50,"monthly_sales":7,"date":"10/12/2023"},
{"id":51,"monthly_sales":61,"date":"10/18/2023"},
{"id":52,"monthly_sales":94,"date":"3/10/2023"},
{"id":53,"monthly_sales":29,"date":"4/27/2023"},
{"id":54,"monthly_sales":45,"date":"4/9/2023"},
{"id":55,"monthly_sales":70,"date":"7/4/2023"},
{"id":56,"monthly_sales":60,"date":"11/19/2023"},
{"id":57,"monthly_sales":100,"date":"4/15/2023"},
{"id":58,"monthly_sales":36,"date":"8/8/2023"},
{"id":59,"monthly_sales":79,"date":"4/23/2023"},
{"id":60,"monthly_sales":40,"date":"8/8/2023"},
{"id":61,"monthly_sales":43,"date":"5/31/2023"},
{"id":62,"monthly_sales":7,"date":"12/20/2023"},
{"id":63,"monthly_sales":90,"date":"3/19/2023"},
{"id":64,"monthly_sales":5,"date":"4/26/2023"},
{"id":65,"monthly_sales":66,"date":"9/2/2023"},
{"id":66,"monthly_sales":8,"date":"10/12/2023"},
{"id":67,"monthly_sales":90,"date":"6/2/2023"},
{"id":68,"monthly_sales":35,"date":"9/13/2023"},
{"id":69,"monthly_sales":43,"date":"5/27/2023"},
{"id":70,"monthly_sales":42,"date":"3/27/2023"},
{"id":71,"monthly_sales":30,"date":"10/11/2023"},
{"id":72,"monthly_sales":63,"date":"10/29/2023"},
{"id":73,"monthly_sales":91,"date":"10/27/2023"},
{"id":74,"monthly_sales":11,"date":"1/29/2024"},
{"id":75,"monthly_sales":2,"date":"8/6/2023"},
{"id":76,"monthly_sales":64,"date":"9/15/2023"},
{"id":77,"monthly_sales":26,"date":"2/16/2024"},
{"id":78,"monthly_sales":67,"date":"7/25/2023"},
{"id":79,"monthly_sales":62,"date":"3/23/2023"},
{"id":80,"monthly_sales":14,"date":"5/19/2023"},
{"id":81,"monthly_sales":53,"date":"1/15/2024"},
{"id":82,"monthly_sales":67,"date":"1/13/2024"},
{"id":83,"monthly_sales":45,"date":"8/29/2023"},
{"id":84,"monthly_sales":76,"date":"4/12/2023"},
{"id":85,"monthly_sales":1,"date":"10/13/2023"},
{"id":86,"monthly_sales":22,"date":"1/17/2024"},
{"id":87,"monthly_sales":17,"date":"10/3/2023"},
{"id":88,"monthly_sales":54,"date":"10/30/2023"},
{"id":89,"monthly_sales":84,"date":"9/8/2023"},
{"id":90,"monthly_sales":13,"date":"1/18/2024"},
{"id":91,"monthly_sales":75,"date":"11/2/2023"},
{"id":92,"monthly_sales":98,"date":"9/15/2023"},
{"id":93,"monthly_sales":28,"date":"9/23/2023"},
{"id":94,"monthly_sales":41,"date":"4/26/2023"},
{"id":95,"monthly_sales":73,"date":"7/10/2023"},
{"id":96,"monthly_sales":71,"date":"7/3/2023"},
{"id":97,"monthly_sales":50,"date":"11/8/2023"},
{"id":98,"monthly_sales":82,"date":"6/20/2023"},
{"id":99,"monthly_sales":54,"date":"1/1/2024"},
{"id":100,"monthly_sales":5,"date":"1/11/2024"}]